@book{Jamii2005,
  location = {\foreignlanguage{arabic}{بيروت}},
  title = {\foreignlanguage{arabic}{قاموس الفصاحة العمانية - ما حفظته الدارجة العمانية لللغة العربية}},
  volumes = {2},
  publisher = {\foreignlanguage{arabic}{‏‏دار أحياء التراث العربي}},
  author = {{\foreignlanguage{arabic}{الجامعي}}, {\foreignlanguage{arabic}{أبو قاسم محمود بن حميد}}},
  date = {2005},
  langid = {arabic}
}
